@book{LandauLifshitz8,
  title={Electrodynamics of Continuous Media},
  author={Landau LD and Lifshitz LM},
  year={1960},
  publisher={Pergamon Press},
  keywords = {physics}
}

@book{RothwellCloud,
  title={Electromagnetics},
  author={Rotwell EJ and Cloud MJ},
  year={2009},
  publisher={CRC Press},
  keywords = {physics}
}

@book{BornWolf,
  title={Principles of Optics},
  author={Max Born and Emil Wolf},
  year={2002},
  publisher={Cambridge University Press},
  keywords = {physics}
}

@book{Jackson,
  title={Classical Electrodynamics},
  author={John David Jackson},
  year={1999},
  publisher={John Wiley \& Sons},
  keywords = {physics}
}

@book{Purcell,
  title={Electricity and Magnetism},
  author={Edward M. Purcell},
  year={1965},
  publisher={McGraw-Hill Book Company},
  keywords = {physics}
}


@book{GumerovDuraiswami,
  title={Fast Multipole Methods for Helmholtz Equation in Three Dimensions},
  author={N. A. Gumerov and R. Duraiswami},
  year={},
  publisher={},
  keywords = {}
}
@book{BeerSmithDuenser,
  title={The Boundary Element Method with Programming},
  author={G. Beer and I. Smith and C. Duenser},
  year={2008},
  publisher={Springer},
  keywords = {}
}

@book{VolakisSertel,
  title={Integral Equation Methods for Electromagnetics},
  author={John L. Volakis and Kubilay Sertel},
  year={},
  publisher={},
  keywords = {}
}

@book{ColtonCress,
  title={Integral Equation Methods in Scattering Theory},
  author={David Colton and Rainer Kress},
  year={2013},
  publisher={SIAM},
  keywords = {BEM}
}


@article{SumithraThiripurasundari,
    author  = "P. Sumithra and D. Thiripurasundari",
    title   = "A review on Computational Electromagnetics Methods",
    year    = "2017",
    journal = "ADVANCED ELECTROMAGNETICS",
    volume  = "6",
    number  = "1",
    pages   = "42--55",
    keywords  = "CEM"
}

@online{YurkinHoekstra,
    author    = "M.A. Yurkin and A.G. Hoekstra",
    title     = "The discrete dipole approximation: an overview and recent developments",
    url       = "https://arxiv.org/pdf/0704.0038v1.pdf",
    addendum = "(accessed: 02.02.2019)",
    keywords  = "DDA"
}

@online{panfil,
    author    = "Shimon Panfil",
    title     = "Fortran Returns",
    url       = "http://industrialphys.com/pdf/fortran.pdf",
    addendum = "(accessed: 08.02.2019)",
    keywords  = "fortran"
}

@book{sircomb,
    author    = "Nathan Sircombe",
    title     = "Arm in High Performance Computing: Fortran on AArch64",
    year      = "2018",
    publisher = "Arm Limited",
    address   = "",
    keywords  = "fortran"
}

@book{chapman,
    author    = "Stephen J. Chapman",
    title     = "Fortran for Scientists and Engineers (Fourth Edition)",
    year      = "2018",
    publisher = "McGraw-Hill Education",
    address   = "",
    keywords  = "fortran"
}

@article{reid,
    author  = "John Reid",
    title   = "The new features of Fortran 2018",
    year    = "2018",
    journal = "ACM Fortran Forum,",
    volume  = "37",
    number  = "1",
    pages   = "5--43",
    keywords  = "fortran"
} 

@article{MichalskiMosig,
    author  = "Krzysztof A. Michalski and Juan R. Mosig",
    title   = "Multilayered Media Green’s Functions in Integral Equation Formulations",
    year    = "1997",
    journal = "IEEE TRANSACTIONS ON ANTENNAS AND PROPAGATION",
    volume  = "45",
    number  = "3",
    pages   = "508--519",
    keywords  = ""
} 
@article{StrattonChu,
    author  = "J. A. Stratton and I. J. Chu",
    title   = "Diffraction Theory of Electromagnetic Waves",
    year    = "1939",
    journal = "Physical Review",
    volume  = "56",
    pages   = "99-107",
    keywords  = ""
} 
@article{Tai,
    author  = "CHEN-TO TAI",
    title   = "Kirchhoff Theory: Scalar, Vector, or Dyadic?",
    year    = "1972",
    journal = "IEEE TUNSACTIONS ON ANTENNAS AND PROPAGATION",
    pages   = "114--115",
    keywords  = ""
} 
@book{Gibson,
  title={The Method of Moments in Electromagnetics},
  author={Walton C. Gibson},
  isbn={},
  series={},
  year={2015},
  publisher={Taylor \& Francis Group, LLC},
  keywords = {}
}

@online{pgi,
    author    = "PGI",
    title     = "PGI Community Edition",
    url       = "https://www.pgroup.com/products/community.htm",
    addendum = "(accessed: 13.02.2019)",
    keywords  = "fortran,cuda"
}

@TechReport{bendov1,
  author      = {Guy Ben-Dov},
  title       = {Finite-structure Electromagnetic Solver Requirements},
  institution = {KLA},
  year        = {2019}
  }
@TechReport{bendov2,
  author      = {Guy Ben-Dov},
  title       = {Finite-Domain Solver Basic Inputs and Setups},
  institution = {KLA},
  year        = {2019}
  }
@TechReport{bendov3,
  author      = {Guy Ben-Dov},
  title       = {Test cases for the solver},
  institution = {KLA},
  year        = {2019}
  }

@article{paulus,
    author  = "Michael Paulus and Phillipe Gay-Balmaz and Olivier J. F. Martin",
    title   = "Accurate and efficient computation of the Green’s tensor for stratified media",
    year    = "2000",
    journal = "PHYSICAL REVIEW E",
    volume  = "62",
    number  = "4",
    pages   = "5797-5807",
    keywords  = ""
} 


@book{OsipovTretyakov,
  title={Modern electromagnetic scattering theory with applications},
  author={Andrey V. Osipov and Sergei A. Tretyakov},
  isbn={},
  series={},
  year={2017 },
  publisher={John Wiley},
  keywords = {}
}

@book{muller,
    author    = "Claus Müller",
    title     = "Foundations of the Mathematical Theory of Electromagnetic Waves",
    year      = "1969",
    publisher = "Springer-Verlag",
    address   = "",
    keywords  = ""
}

@article{hill,
    author  = "E. L. Hill",
    title   = "The Theory of Vector Spherical Harmonics",
    year    = "1954",
    journal = "American Journal of Physics",
    volume  = "22",
    number  = "",
    pages   = "211",
    keywords  = ""
} 
@online{hreid,
    author    = "Homer Reid",
    title     = "Electromagnetism in the Spherical-Wave Basis",
    url       = "http://homerreid.github.io/scuff-em-documentation/",
    addendum = "(accessed: 30.06.2019)",
    
}
@book{arnold-cm,
   author = "V. I. Arnold",
   publisher = "Springer",
   title = "Mathematical Methods of Classical Mechanics",
   year = "1989",
}
@book{arnold-cm-r,
   author = "В. И. Арнольд",
   publisher = "Наука",
   title = "Математические методы классической механики",
   year = "1989",
   language = "russian"
}
@book{maslov,
   author = "В. П. Маслов",
   publisher = "Наука",
   title = "Асимптотические методы и теория возмущений",
   year = "1988",
}

@book{arnold-ode,
   author = "В. И. Арнольд",
   publisher = "Наука",
   title = "Обыкновенные дифференциальные уравнения",
   year = "1975",
}

@book{dubrovin-novikov-fomenko,
   author = "Б. А. Дубровин and С. П. Новиков and А. Т. Фоменко",
   publisher = "Наука",
   title = "Современная геометрия",
   year = "1979",
  }

@book{nobook,
   author = "",
   publisher = "",
   title = "",
   series = "",
   year = "",
   note = "",
   keywords  = ""
}


@online{knuthwebsite,
    author    = "Donald Knuth",
    title     = "Knuth: Computers and Typesetting",
    url       = "http://www-cs-faculty.stanford.edu/~uno/abcde.html",
    addendum = "(accessed: 01.09.2016)",
    keywords  = "latex,knuth"
}

@inbook{knuth-fa,
   author = "Donald E. Knuth",
   title = "Fundamental Algorithms",
   publisher = "Addison-Wesley",
   year = "1973",
   chapter = "1.2",
   keywords  = "knuth,programming"
}

@book{knuth-acp,
   author = "Donald E. Knuth",
   publisher = "Addison-Wesley",
   title = "The Art of Computer Programming",
   series = "Four volumes",
   year = "1968",
   note = "Seven volumes planned",
   keywords  = "knuth,programming"
}
@article{einstein,
  author =       "Albert Einstein",
  title =        "{Zur Elektrodynamik bewegter K{\"o}rper}. ({German})
                 [{On} the electrodynamics of moving bodies]",
  journal =      "Annalen der Physik",
  volume =       "322",
  number =       "10",
  pages =        "891--921",
  year =         "1905",
  DOI =          "http://dx.doi.org/10.1002/andp.19053221004",
  keywords =     "physics"
}


